@inproceedings{moca07,
  author    = {Fr{\'e}d{\'e}ric Blanqui and
               Th{\'e}r{\`e}se Hardin and
               Pierre Weis},
  title     = {On the Implementation of Construction Functions for Non-free
               Concrete Data Types},
  booktitle = {ESOP},
  year      = {2007},
  pages     = {95-109},
  ee        = {http://dx.doi.org/10.1007/978-3-540-71316-6_8},
  crossref  = {DBLP:conf/esop/2007},
  bibsource = {DBLP, http://dblp.uni-trier.de}
}

@proceedings{DBLP:conf/esop/2007,
  editor    = {Rocco De Nicola},
  title     = {Programming Languages and Systems, 16th European Symposium
               on Programming, ESOP 2007, Held as Part of the Joint European
               Conferences on Theory and Practics of Software, ETAPS 2007,
               Braga, Portugal, March 24 - April 1, 2007, Proceedings},
  booktitle = {ESOP},
  publisher = {Springer},
  series    = {Lecture Notes in Computer Science},
  volume    = {4421},
  year      = {2007},
  isbn      = {978-3-540-71314-2},
  bibsource = {DBLP, http://dblp.uni-trier.de}
}

  
@Book{Smu68,
  author = 	 {Raymond Smullyan}	 ,
  title = 	 {First Order Logic},
  publisher = 	 {Springer},
  year = 	 {1968},
  OPTkey = 	 {},
  OPTvolume = 	 {},
  OPTnumber = 	 {},
  OPTseries = 	 {},
  OPTaddress = 	 {},
  OPTedition = 	 {},
  OPTmonth = 	 {},
  OPTnote = 	 {},
  OPTannote = 	 {}
}

@inproceedings{JVdPolHZan00,
  author    = {Jaco van de Pol and
               Hans Zantema},
  title     = {Binary Decision Diagrams by Shared Rewriting},
  booktitle = {MFCS},
  year      = {2000},
  pages     = {609-618},
  ee        = {http://link.springer.de/link/service/series/0558/bibs/1893/18930609.htm},
  crossref  = {DBLP:conf/mfcs/2000},
  bibsource = {DBLP, http://dblp.uni-trier.de}
}

@proceedings{DBLP:conf/mfcs/2000,
  editor    = {Mogens Nielsen and
               Branislav Rovan},
  title     = {Mathematical Foundations of Computer Science 2000, 25th
               International Symposium, MFCS 2000, Bratislava, Slovakia,
               August 28 - September 1, 2000, Proceedings},
  booktitle = {MFCS},
  publisher = {Springer},
  series    = {Lecture Notes in Computer Science},
  volume    = {1893},
  year      = {2000},
  isbn      = {3-540-67901-4},
  bibsource = {DBLP, http://dblp.uni-trier.de}
}


@Manual{HRAnd97,
  title =        {An Introduction to Binary Decision Diagrams},
  OPTkey =       {},
  author =    {Henrik Reif Andersen},
  OPTorganization = {},
  OPTaddress =   {},
  OPTedition =   {},
  OPTmonth =     {},
  year =      {1997},
  OPTnote =      {},
  note =    {{\sf http://www.cs.unb.ca/profs/gdueck/courses/cs4835/bdd97.pdf}}
}
@Article{DKnuPBen70,
  author =       {Donald Knuth and Peter Bendix},
  title =        {Simple word problems in universal algebras},
  journal =      {Computational Problems in Abstract Algebra},
  year =         {1970},
  OPTkey =       {},
  OPTvolume =    {},
  OPTnumber =    {},
  pages =     {263-297},
  OPTmonth =     {},
  OPTnote =      {},
  OPTannote =    {}
}

@inproceedings{OKah06,
  author    = {Ozan Kahramanogullari},
  title     = {Reducing Nondeterminism in the Calculus of Structures},
  booktitle = {LPAR},
  year      = {2006},
  pages     = {272-286},
  ee        = {http://dx.doi.org/10.1007/11916277_19},
  crossref  = {DBLP:conf/lpar/2006},
  bibsource = {DBLP, http://dblp.uni-trier.de}
}

@proceedings{DBLP:conf/lpar/2006,
  editor    = {Miki Hermann and
               Andrei Voronkov},
  title     = {Logic for Programming, Artificial Intelligence, and Reasoning,
               13th International Conference, LPAR 2006, Phnom Penh, Cambodia,
               November 13-17, 2006, Proceedings},
  booktitle = {LPAR},
  publisher = {Springer},
  series    = {Lecture Notes in Computer Science},
  volume    = {4246},
  year      = {2006},
  isbn      = {3-540-48281-4},
  bibsource = {DBLP, http://dblp.uni-trier.de}
}




@Book{BPie02,
  author =    {Benjamin Pierce},
  ALTeditor =    {},
  title =        {Types and Programming Languages},
  publisher =    {MIT Press},
  year =         {2002},
  OPTkey =       {},
  OPTvolume =    {},
  OPTnumber =    {},
  OPTseries =    {},
  OPTaddress =   {},
  OPTedition =   {},
  OPTmonth =     {},
  OPTnote =      {},
  OPTannote =    {}
}

